@book{Rosen,
  title    = {Discrete Mathematics and its Applications},
  author   = {Rosen, Kenneth H},
  year     = {2019},
  edition  = {8},
  publisher= {McGraw-Hill New York}
}